@article{elliott2019recent,
  title={Recent advances in connected and automated vehicles},
  author={Elliott, David and Keen, Walter and Miao, Lei},
  journal={journal of traffic and transportation engineering (English edition)},
  volume={6},
  number={2},
  pages={109--131},
  year={2019},
  publisher={Elsevier}
}

@article{bagloee2016autonomous,
  title={Autonomous vehicles: challenges, opportunities, and future implications for transportation policies},
  author={Bagloee, Saeed Asadi and Tavana, Madjid and Asadi, Mohsen and Oliver, Tracey},
  journal={Journal of modern transportation},
  volume={24},
  number={4},
  pages={284--303},
  year={2016},
  publisher={Springer}
}

@inproceedings{joy2017internet,
  title={Internet of vehicles and autonomous connected car-privacy and security issues},
  author={Joy, Joshua and Gerla, Mario},
  booktitle={2017 26th International Conference on Computer Communication and Networks (ICCCN)},
  pages={1--9},
  year={2017},
  organization={IEEE}
}

@book{anderson2014autonomous,
  title={Autonomous vehicle technology: A guide for policymakers},
  author={Anderson, James M and Nidhi, Kalra and Stanley, Karlyn D and Sorensen, Paul and Samaras, Constantine and Oluwatola, Oluwatobi A},
  year={2014},
  publisher={Rand Corporation}
}

@article{litman2020autonomous,
  title={Autonomous vehicle implementation predictions: Implications for transport planning},
  author={Litman, Todd},
  year={2020}
}

@article{li2016intelligence,
  title={Intelligence testing for autonomous vehicles: A new approach},
  author={Li, Li and Huang, Wu-Ling and Liu, Yuehu and Zheng, Nan-Ning and Wang, Fei-Yue},
  journal={IEEE Transactions on Intelligent Vehicles},
  volume={1},
  number={2},
  pages={158--166},
  year={2016},
  publisher={IEEE}
}

@inproceedings{koren2018adaptive,
  title={Adaptive stress testing for autonomous vehicles},
  author={Koren, Mark and Alsaif, Saud and Lee, Ritchie and Kochenderfer, Mykel J},
  booktitle={2018 IEEE Intelligent Vehicles Symposium (IV)},
  pages={1--7},
  year={2018},
  organization={IEEE}
}

@article{cui2018development,
  title={Development of a simulation platform for safety impact analysis considering vehicle dynamics, sensor errors, and communication latencies: Assessing cooperative adaptive cruise control under cyber attack},
  author={Cui, Lian and Hu, Jia and Park, B Brian and Bujanovic, Pavle},
  journal={Transportation research part C: emerging technologies},
  volume={97},
  pages={1--22},
  year={2018},
  publisher={Elsevier}
}

@article{liu2019road,
  title={Road tests of self-driving vehicles: affective and cognitive pathways in acceptance formation},
  author={Liu, Peng and Xu, Zhigang and Zhao, Xiangmo},
  journal={Transportation research part A: policy and practice},
  volume={124},
  pages={354--369},
  year={2019},
  publisher={Elsevier}
}

@article{liu2019safe,
  title={How safe is safe enough for self-driving vehicles?},
  author={Liu, Peng and Yang, Run and Xu, Zhigang},
  journal={Risk analysis},
  volume={39},
  number={2},
  pages={315--325},
  year={2019},
  publisher={Wiley Online Library}
}

@techreport{thorn2018framework,
  title={A framework for automated driving system testable cases and scenarios},
  author={Thorn, Eric and Kimmel, Shawn C and Chaka, Michelle and Hamilton, Booz Allen and others},
  year={2018},
  institution={United States. Department of Transportation. National Highway Traffic Safety~â€¦}
}

@article{li2019parallel,
  title={Parallel testing of vehicle intelligence via virtual-real interaction},
  author={Li, Li and Wang, Xiao and Wang, Kunfeng and Lin, Yilun and Xin, Jingmin and Chen, Long and Xu, Linhai and Tian, Bin and Ai, Yunfeng and Wang, Jian and others},
  journal={Science robotics},
  volume={4},
  number={28},
  pages={eaaw4106},
  year={2019}
}

@article{yan2021distributionally,
  title={Distributionally Consistent Simulation of Naturalistic Driving Environment for Autonomous Vehicle Testing},
  author={Yan, Xintao and Feng, Shuo and Sun, Haowei and Liu, Henry X},
  journal={arXiv preprint arXiv:2101.02828},
  year={2021}
}

@article{feng2021intelligent,
  title={Intelligent driving intelligence test for autonomous vehicles with naturalistic and adversarial environment},
  author={Feng, Shuo and Yan, Xintao and Sun, Haowei and Feng, Yiheng and Liu, Henry X},
  journal={Nature communications},
  volume={12},
  number={1},
  pages={1--14},
  year={2021},
  publisher={Nature Publishing Group}
}

@inproceedings{ding2020learning,
  title={Learning to collide: An adaptive safety-critical scenarios generating method},
  author={Ding, Wenhao and Chen, Baiming and Xu, Minjun and Zhao, Ding},
  booktitle={2020 IEEE/RSJ International Conference on Intelligent Robots and Systems (IROS)},
  pages={2243--2250},
  year={2020},
  organization={IEEE}
}


@inproceedings{eykholt2018robust,
  title={Robust physical-world attacks on deep learning visual classification},
  author={Eykholt, Kevin and Evtimov, Ivan and Fernandes, Earlence and Li, Bo and Rahmati, Amir and Xiao, Chaowei and Prakash, Atul and Kohno, Tadayoshi and Song, Dawn},
  booktitle={Proceedings of the IEEE Conference on Computer Vision and Pattern Recognition},
  pages={1625--1634},
  year={2018}
}

@inproceedings{xie2017adversarial,
  title={Adversarial examples for semantic segmentation and object detection},
  author={Xie, Cihang and Wang, Jianyu and Zhang, Zhishuai and Zhou, Yuyin and Xie, Lingxi and Yuille, Alan},
  booktitle={Proceedings of the IEEE International Conference on Computer Vision},
  pages={1369--1378},
  year={2017}
}

@misc{highway-env,
  author = {Leurent, Edouard},
  title = {An Environment for Autonomous Driving Decision-Making},
  year = {2018},
  publisher = {GitHub},
  journal = {GitHub repository},
  howpublished = {\url{https://github.com/eleurent/highway-env}},
}

@misc{rl-agents,
  author = {Leurent, Edouard},
  title = {rl-agents: Implementations of Reinforcement Learning algorithms},
  year = {2018},
  publisher = {GitHub},
  journal = {GitHub repository},
  howpublished = {\url{https://github.com/eleurent/rl-agents}},
}

@article{leurent2019approximate,
  title={Approximate robust control of uncertain dynamical systems},
  author={Leurent, Edouard and Blanco, Yann and Efimov, Denis and Maillard, Odalric-Ambrym},
  journal={arXiv preprint arXiv:1903.00220},
  year={2019}
}

@article{mnih2013playing,
  title={Playing atari with deep reinforcement learning},
  author={Mnih, Volodymyr and Kavukcuoglu, Koray and Silver, David and Graves, Alex and Antonoglou, Ioannis and Wierstra, Daan and Riedmiller, Martin},
  journal={arXiv preprint arXiv:1312.5602},
  year={2013}
}

@inproceedings{van2016deep,
  title={Deep reinforcement learning with double q-learning},
  author={Van Hasselt, Hado and Guez, Arthur and Silver, David},
  booktitle={Proceedings of the AAAI Conference on Artificial Intelligence},
  volume={30},
  number={1},
  year={2016}
}

@article{holland1986statistics,
  title={Statistics and causal inference},
  author={Holland, Paul W},
  journal={Journal of the American statistical Association},
  volume={81},
  number={396},
  pages={945--960},
  year={1986},
  publisher={Taylor \& Francis}
}

@book{pearl2018book,
  title={The book of why: the new science of cause and effect},
  author={Pearl, Judea and Mackenzie, Dana},
  year={2018},
  publisher={Basic books}
}

@article{pearl2009causal,
  title={Causal inference in statistics: An overview},
  author={Pearl, Judea and others},
  journal={Statistics surveys},
  volume={3},
  pages={96--146},
  year={2009},
  publisher={The author, under a Creative Commons Attribution License}
}

@misc{neuberg2003causality,
  title={Causality: Models, Reasoning, and Inference},
  author={Neuberg, Leland Gerson},
  year={2003},
  publisher={JSTOR}
}

@article{belletti2017expert,
  title={Expert level control of ramp metering based on multi-task deep reinforcement learning},
  author={Belletti, Francois and Haziza, Daniel and Gomes, Gabriel and Bayen, Alexandre M},
  journal={IEEE Transactions on Intelligent Transportation Systems},
  volume={19},
  number={4},
  pages={1198--1207},
  year={2017},
  publisher={IEEE}
}

@inproceedings{wu2017emergent,
  title={Emergent behaviors in mixed-autonomy traffic},
  author={Wu, Cathy and Kreidieh, Aboudy and Vinitsky, Eugene and Bayen, Alexandre M},
  booktitle={Conference on Robot Learning},
  pages={398--407},
  year={2017},
  organization={PMLR}
}

@inproceedings{dosovitskiy2017carla,
  title={CARLA: An open urban driving simulator},
  author={Dosovitskiy, Alexey and Ros, German and Codevilla, Felipe and Lopez, Antonio and Koltun, Vladlen},
  booktitle={Conference on robot learning},
  pages={1--16},
  year={2017},
  organization={PMLR}
}

@inproceedings{sauer2018conditional,
  title={Conditional affordance learning for driving in urban environments},
  author={Sauer, Axel and Savinov, Nikolay and Geiger, Andreas},
  booktitle={Conference on Robot Learning},
  pages={237--252},
  year={2018},
  organization={PMLR}
}

@article{shalev2016safe,
  title={Safe, multi-agent, reinforcement learning for autonomous driving},
  author={Shalev-Shwartz, Shai and Shammah, Shaked and Shashua, Amnon},
  journal={arXiv preprint arXiv:1610.03295},
  year={2016}
}

@article{bansal2018chauffeurnet,
  title={Chauffeurnet: Learning to drive by imitating the best and synthesizing the worst},
  author={Bansal, Mayank and Krizhevsky, Alex and Ogale, Abhijit},
  journal={arXiv preprint arXiv:1812.03079},
  year={2018}
}

@article{sun2021corner,
  title={Corner Case Generation and Analysis for Safety Assessment of Autonomous Vehicles},
  author={Sun, Haowei and Feng, Shuo and Yan, Xintao and Liu, Henry X},
  journal={arXiv preprint arXiv:2102.03483},
  year={2021}
}

@article{carrara2019budgeted,
  title={Budgeted Reinforcement Learning in Continuous State Space},
  author={Carrara, Nicolas and Leurent, Edouard and Laroche, Romain and Urvoy, Tanguy and Maillard, Odalric-Ambrym and Pietquin, Olivier},
  journal={arXiv preprint arXiv:1903.01004},
  year={2019}
}

@phdthesis{leurent2020safe,
  title={Safe and Efficient Reinforcement Learning for Behavioural Planning in Autonomous Driving},
  author={Leurent, Edouard},
  year={2020},
  school={Universit{\'e} de Lille}
}


@article{ernst2005tree,
  title={Tree-based batch mode reinforcement learning},
  author={Ernst, Damien and Geurts, Pierre and Wehenkel, Louis},
  journal={Journal of Machine Learning Research},
  volume={6},
  pages={503--556},
  year={2005},
  publisher={Microtome Publishing}
}

@inproceedings{leurent2019interval,
  title={Interval prediction for continuous-time systems with parametric uncertainties},
  author={Leurent, Edouard and Efimov, Denis and Raissi, Tarek and Perruquetti, Wilfrid},
  booktitle={2019 IEEE 58th Conference on Decision and Control (CDC)},
  pages={7049--7054},
  year={2019},
  organization={IEEE}
}

@inproceedings{leurent2019practical,
  title={Practical open-loop optimistic planning},
  author={Leurent, Edouard and Maillard, Odalric-Ambrym},
  booktitle={Joint European Conference on Machine Learning and Knowledge Discovery in Databases},
  pages={69--85},
  year={2019},
  organization={Springer}
}

@inproceedings{gu2016continuous,
  title={Continuous deep q-learning with model-based acceleration},
  author={Gu, Shixiang and Lillicrap, Timothy and Sutskever, Ilya and Levine, Sergey},
  booktitle={International Conference on Machine Learning},
  pages={2829--2838},
  year={2016},
  organization={PMLR}
}

@inproceedings{wang2016dueling,
  title={Dueling network architectures for deep reinforcement learning},
  author={Wang, Ziyu and Schaul, Tom and Hessel, Matteo and Hasselt, Hado and Lanctot, Marc and Freitas, Nando},
  booktitle={International conference on machine learning},
  pages={1995--2003},
  year={2016},
  organization={PMLR}
}

@article{mavrogiannis2020b,
  title={B-GAP: Behavior-Guided Action Prediction for Autonomous Navigation},
  author={Mavrogiannis, Angelos and Chandra, Rohan and Manocha, Dinesh},
  journal={arXiv preprint arXiv:2011.03748},
  year={2020}
}

@article{chandra2020cmetric,
  title={Cmetric: A driving behavior measure using centrality functions},
  author={Chandra, Rohan and Bhattacharya, Uttaran and Mittal, Trisha and Bera, Aniket and Manocha, Dinesh},
  journal={arXiv preprint arXiv:2003.04424},
  year={2020}
}

@article{pearl2018does,
  title={Does obesity shorten life? Or is it the soda? On non-manipulable causes},
  author={Pearl, Judea},
  journal={Journal of Causal Inference},
  volume={6},
  number={2},
  year={2018},
  publisher={De Gruyter}
}

@article{granger1988some,
  title={Some recent development in a concept of causality},
  author={Granger, Clive WJ},
  journal={Journal of econometrics},
  volume={39},
  number={1-2},
  pages={199--211},
  year={1988},
  publisher={Elsevier}
}

@article{smirnov2009granger,
  title={From Granger causality to long-term causality: Application to climatic data},
  author={Smirnov, Dmitry A and Mokhov, Igor I},
  journal={Physical Review E},
  volume={80},
  number={1},
  pages={016208},
  year={2009},
  publisher={APS}
}

@book{hicks1980causality,
  title={Causality in economics},
  author={Hicks, John and others},
  year={1980},
  publisher={Australian National University Press}
}

@article{wright1934method,
  title={The method of path coefficients},
  author={Wright, Sewall},
  journal={The annals of mathematical statistics},
  volume={5},
  number={3},
  pages={161--215},
  year={1934},
  publisher={JSTOR}
}

@inproceedings{richardson2013single,
  title={Single world intervention graphs: a primer},
  author={Richardson, Thomas S and Robins, James M},
  booktitle={Second UAI workshop on causal structure learning, Bellevue, Washington},
  year={2013},
  organization={Citeseer}
}

@article{bareinboim2020pearl,
  title={On pearlâ€™s hierarchy and the foundations of causal inference},
  author={Bareinboim, Elias and Correa, JD and Ibeling, Duligur and Icard, Thomas},
  journal={ACM Special Volume in Honor of Judea Pearl (provisional title)},
  year={2020}
}

@article{brockman2016openai,
  title={Openai gym},
  author={Brockman, Greg and Cheung, Vicki and Pettersson, Ludwig and Schneider, Jonas and Schulman, John and Tang, Jie and Zaremba, Wojciech},
  journal={arXiv preprint arXiv:1606.01540},
  year={2016}
}

@article{treiber2000congested,
  title={Congested traffic states in empirical observations and microscopic simulations},
  author={Treiber, Martin and Hennecke, Ansgar and Helbing, Dirk},
  journal={Physical review E},
  volume={62},
  number={2},
  pages={1805},
  year={2000},
  publisher={APS}
}

@article{kesting2007general,
  title={General lane-changing model MOBIL for car-following models},
  author={Kesting, Arne and Treiber, Martin and Helbing, Dirk},
  journal={Transportation Research Record},
  volume={1999},
  number={1},
  pages={86--94},
  year={2007},
  publisher={SAGE Publications Sage CA: Los Angeles, CA}
}

@book{bellman2015applied,
  title={Applied dynamic programming},
  author={Bellman, Richard E and Dreyfus, Stuart E},
  volume={2050},
  year={2015},
  publisher={Princeton university press}
}

